% Encoding: windows-1252

@misc{Bin14,
  title        = {The Rise And Fall of Languages in 2013},
  author       = {Binstock, Andrew},
  year         = {2014},
  note         = {\url{https://drdobbs.com/jvm/the-rise-and-fall-of-languages-in-2013/240165192} [Accessed: (04.04.2024)]}
}

@misc{Wu24,
  title        = {Open Sourcing Pingora: our Rust framework for building programmable network services},
  author       = {Wu, Yuchen},
  year         = {2024},
  note         = {\url{https://blog.cloudflare.com/pingora-open-source} [Accessed: (04.04.2024)]}
}

@misc{WikiRust24,
  title        = {Rust (Programming Language)},
  author       = {Wikipedia},
  year         = {2024},
  note         = {\url{https://en.wikipedia.org/wiki/Rust_(programming_language)} [Accessed: (04.04.2024)]}
}

@misc{Wes23,
  title        = {BlueHat IL 2023 - David Weston - Default Security},
  author       = {Weston, David},
  year         = {2023},
  note         = {\url{https://www.youtube.com/watch?v=8T6ClX-y2AE} [Accessed: (04.04.2024)]}
}

@misc{WikiPlan24,
  title        = {Plan 9 From Bell Labs},
  author       = {Wikipedia},
  year         = {2024},
  note         = {\url{https://en.wikipedia.org/wiki/Plan_9_from_Bell_Labs} [Accessed: (04.04.2024)]}
}

@misc{Cas24,
  title        = {Nova and staging Rust abstractions},
  author       = {Cassiopeiae},
  year         = {2024},
  note         = {\url{https://lore.kernel.org/dri-devel/Zfsj0_tb-0-tNrJy@cassiopeiae/} [Accessed: (04.04.2024)]}
}

@Book{Roy04,
  author    = {Peter Van Roy and Seif Haridi},
  title     = {{Concepts, Techniques and Models of Computer Programming}},
  address   = {Cambridge},
  publisher = {{The MIT Press}},
  year      = {2004},
  owner     = {Prof. Ausberto S. Castro V.},
  timestamp = {21.04.2013},
}

@Book{Sebesta2018,
  author    = {Robert W. Sebesta},
  title     = {{Conceitos de Linguagens de Programa{\c{c}}{\~a}o}},
  edition   = {11},
  address   = {{Porto Alegre, RS}},
  publisher = {Bookman},
  year      = {2018},
  isbn      = {978-85-8260-468-7},
  owner     = {Prof. Ausberto S. Castro V.},
  timestamp = {21.04.2013},
}

@Book{Sprankle2012,
  Title                    = {Problem solving and programming concepts},
  Author                   = {Maureen Sprankle and Jim Hubbard},
  Publisher                = {Pearson Education, Inc.},
  Year                     = {2012},
  Edition                  = {9},
  Owner                    = {Prof. Ausberto S. Castro V.},
  Timestamp                = {13.03.2016}
}

@Book{Watt1990,
  author    = {David Anthony Watt},
  title     = {Programming Language Concepts and Paradigms},
  address   = {London},
  publisher = {Prentice Hall International},
  year      = {1990},
  owner     = {Prof. Ausberto S. Castro V.},
  timestamp = {21.04.2013},
}

@Book{Chivers2018,
  author    = {{Chivers, Ian and Sleightholme, Jane}},
  title     = {{Introduction to Programming with Fortran}},
  edition   = {4},
  address   = {{Cham, Switzerland}},
  publisher = {{Springer}},
  year      = {2018},
  month     = aug,
  isbn      = {978-3319755014},
  owner     = {Prof. Ausberto S. Castro Vera - UENF},
  timestamp = {30-11-2019},
}

@Book{Metcalf2018,
  author    = {Michael Metcalf and John Reid and Malcolm Cohen},
  title     = {{Modern Fortran explained : incorporating Fortran 2018}},
  edition   = {5},
  address   = {Oxford England},
  publisher = {Oxford University Press},
  year      = {2018},
  series    = {{Serie: Numerical Mathematics and Scientific Computation}},
  isbn      = {978-0198811886},
  owner     = {Prof. Ausberto S. Castro Vera - UENF},
  timestamp = {30-11-2019},
}

@Book{Chapman2018,
  author    = {Chapman, Stephen},
  title     = {{Fortran for Scientists and Engineers}},
  edition   = {4},
  address   = {New York, NY},
  publisher = {McGraw-Hill Education},
  year      = {2018},
  isbn      = {978-0073385891},
  owner     = {Prof. Ausberto S. Castro Vera - UENF},
  timestamp = {30-11-2019},
}

@Article{Backus1998,
  author   = {Backus, J.},
  journal  = {IEEE Annals of the History of Computing},
  title    = {The history of Fortran I, II, and III},
  year     = {1998},
  issn     = {1934-1547},
  month    = {Oct},
  number   = {4},
  pages    = {68-78},
  volume   = {20},
  abstract = {The article discusses attitudes about "automatic programming", the economics of programming, and existing programming systems, all in the early 1950s. It describes the formation of the Fortran group, its knowledge of existing systems, its plans for Fortran, and the development of the language in 1954. It describes the development of the optimizing compiler for Fortran I, of various language manuals, and of Fortran II and III. It concludes with remarks about later developments and the impact of Fortran and its successors on programming today.},
  doi      = {10.1109/85.728232},
}

@Article{Adams1996,
  author           = {Jeanne Adams and Walt Brainerd},
  journal          = {Computer Standards \& Interfaces},
  title            = {A little history and a Fortran 90 summary},
  year             = {1996},
  issn             = {0920-5489},
  note             = {Special Issue: Fortran 90},
  number           = {4},
  pages            = {279-289},
  volume           = {18},
  abstract         = {Some of the history of the development of the Fortran language is presented, from a de facto standard early in the 1950s at IBM to the major revision that Fortran 90 represents. The article concludes with a short description of the major features of the language.},
  creationdate     = {2021-07-19T22:56:02},
  doi              = {https://doi.org/10.1016/0920-5489(96)01003-3},
  keywords         = {Standards development, Language summary},
  modificationdate = {2021-07-19T22:56:35},
  owner            = {Prof. Ausberto S. Castro Vera - UENF},
  url              = {https://www.sciencedirect.com/science/article/pii/0920548996010033},
}

@Book{Wampler2021,
  address      = {Sebastopol, CA},
  author       = {Wampler, Dean},
  edition      = {3},
  isbn         = {1492077895},
  publisher    = {O'Reilly Media Inc.},
  subtitle     = {Scalability = Functional Programming + Objects},
  title        = {Programming Scala},
  year         = {2021},
  month        = jul,
  creationdate = {2021-08-12T15:41:55},
  ean          = {9781492077893},
  owner        = {Prof. Ausberto S. Castro Vera - UENF},
  url          = {https://www.ebook.de/de/product/40249117/dean_wampler_programming_scala.html},
}

@Book{Whaling2020,
  address      = {Raleigh, NC},
  author       = {Whaling, Richard},
  edition      = {1},
  isbn         = {1680506226},
  publisher    = {O'Reilly Media Inc.},
  subtitle     = {Write Lean, High-Performance Code without the JVM},
  title        = {Modern Systems Programming with Scala Native},
  year         = {2020},
  month        = feb,
  creationdate = {2021-08-12T15:45:12},
  ean          = {9781680506228},
  owner        = {Prof. Ausberto S. Castro Vera - UENF},
  pagetotal    = {288},
  url          = {https://www.ebook.de/de/product/33631728/richard_whaling_modern_systems_programming_with_scala_native.html},
}

@Book{Hunt2018,
  address      = {Cham, Switzerland},
  author       = {Hunt, John},
  edition      = {2},
  isbn         = {3319757709},
  publisher    = {Springer-Verlag International},
  title        = {A Beginner's Guide to Scala, Object Orientation and Functional Programming},
  year         = {2018},
  month        = mar,
  creationdate = {2021-08-12T15:49:48},
  ean          = {9783319757704},
  owner        = {Prof. Ausberto S. Castro Vera - UENF},
  url          = {https://www.ebook.de/de/product/31385461/john_hunt_a_beginner_s_guide_to_scala_object_orientation_and_functional_programming.html},
}

@Book{Upadhyaya2019,
  address      = {Cham, Switzerland},
  author       = {Upadhyaya, Bhim P.},
  edition      = {1},
  isbn         = {3030125602},
  publisher    = {Springer-Verlag International},
  subtitle     = {A Practitioner's Approach with Emphasis on Functional Programming},
  title        = {Data Structures and Algorithms with Scala},
  year         = {2019},
  month        = mar,
  creationdate = {2021-08-12T20:46:30},
  ean          = {9783030125608},
  owner        = {Prof. Ausberto S. Castro Vera - UENF},
  url          = {https://www.ebook.de/de/product/35174882/bhim_p_upadhyaya_data_structures_and_algorithms_with_scala.html},
}

@Comment{jabref-meta: databaseType:bibtex;}
